@article{example,
  title={Title of Example},
  author={Ryo ONODERA and Ryo ONODERA},
  journal={Journal of Example}, volume={59},
  number={5},
  pages={135-143},
  year={2017},
  doi={10.1010/doi-example},
  url={https://www.example.com/example.pdf},
  lastchecked={2018-10-19}
}

@webpage{example-webpage,
  title={Title of Example webpage},
  author={Ryo ONODERA and Ryo ONODERA},
  url={https://www.example.com/example.pdf},
  year=2018,
  lastchecked={2018-10-19},
  note={example note}
}

@book{haikibutsu-business-ron-nagasawa.
  author = {長沢 伸也 and 森口 健生},
  title = {廃棄物ビジネス論 --- ウェイスト・マネジメント社のビジネスモデルを通して},
  publisher = {同友館},
  year = 2003,
  month = 8,
  isbn = {4496036223}
}
